<?xml version="1.0" encoding="UTF-8"?><collection><record><leader>08242ntm a2200613 a 4500</leader><controlfield tag="001">006782286</controlfield><controlfield tag="003">MiAaHDL</controlfield><controlfield tag="005">20190719000000.0</controlfield><controlfield tag="006">m        d        </controlfield><controlfield tag="007">cr bn ---auaua</controlfield><controlfield tag="008">090519s1848    xx            00| ||ara d</controlfield><datafield tag="035" ind1=" " ind2=" "><subfield code="a">(MiU)006782286</subfield></datafield><datafield tag="035" ind1=" " ind2=" "><subfield code="a">sdr-miu006782286</subfield></datafield><datafield tag="040" ind1=" " ind2=" "><subfield code="a">MiU</subfield><subfield code="c">MiU</subfield><subfield code="e">amremm</subfield></datafield><datafield tag="043" ind1=" " ind2=" "><subfield code="a">n-us-mi</subfield></datafield><datafield tag="100" ind1="1" ind2=" "><subfield code="6">880-01</subfield><subfield code="a">Jamal, Sulaymān ibn ʻUmar,</subfield><subfield code="d">-1789 or 1790.</subfield></datafield><datafield tag="240" ind1="1" ind2="0"><subfield code="6">880-02</subfield><subfield code="a">Minaḥ al-ilāhīyah bi-sharḥ Dalāʼil al-khayrāt</subfield></datafield><datafield tag="245" ind1="1" ind2="0"><subfield code="6">880-03</subfield><subfield code="a">Kitāb al-Minaḥ al-ilāhīyah bi-sharḥ Dalāʼil al-khayrāt,</subfield><subfield code="f">[1264, i.e. 1848].</subfield></datafield><datafield tag="260" ind1=" " ind2=" "><subfield code="c">[1848].</subfield></datafield><datafield tag="300" ind1=" " ind2=" "><subfield code="a">130 leaves :</subfield><subfield code="b">paper ;</subfield><subfield code="c">230 x 170 (170 x 120) mm.</subfield></datafield><datafield tag="500" ind1=" " ind2=" "><subfield code="a">Shelfmark: Ann Arbor, University of Michigan, Special Collections Library, Isl. Ms. 526</subfield></datafield><datafield tag="500" ind1=" " ind2=" "><subfield code="a">Origin: As appears in colophon on p.261, copied by ʻAbd al-Qādir al-Ḥabbāl with transcription completed 5 Dhū al-Qaʻdah 1264 [ca. 3 October 1848]. As appears in preceding authorial colophon on p.261 composition completed 16 Shaʻbān 1191 [ca. 19 September 1777].</subfield></datafield><datafield tag="500" ind1=" " ind2=" "><subfield code="a">Accompanying materials: a. Acquisitions slip from Yahuda (pp.1-2) -- b. Inventory cataloguing slip in card file.</subfield></datafield><datafield tag="500" ind1=" " ind2=" "><subfield code="a">Former shelfmark: From inner front cover and fore edge flap label, "IL 365a" (likely supplied by Yahuda, see acquisitions slip).</subfield></datafield><datafield tag="500" ind1=" " ind2=" "><subfield code="a">Binding: Pasteboards covered in printed paper (leaf-like forms in green, white, and black) with black leather over spine and fore edge flap ; Type II binding (with flap) ; board linings in untinted paper ; sewn in white thread, six stations ; worked chevron endbands in cream and black, fairly good condition ; overall in poor condition with significant abrasion, lifting and losses of leather (especially at fore edge flap), paper and pasteboard, staining, detaching at spine, etc. ; housed in box for protection.</subfield></datafield><datafield tag="500" ind1=" " ind2=" "><subfield code="a">Support: European laid paper with 10 laid lines per cm. (vertical), chain lines spaced 28 mm. apart (horizontal), and three crescents watermark (72 mm. long, perpendicular to chains, see p.6, 112, 113, etc.) ; quite sturdy though fairly transluscent, only lightly sized and burnished if so.</subfield></datafield><datafield tag="500" ind1=" " ind2=" "><subfield code="a">Decoration: Keywords and text being commented upon rubricated ; several diagrams, mainly in red and black including diagram accompanying discussion of the Prophet's names (p.50), depictions of the rawḍah (p.86, 89, 90), sandal of the Prophet (p.145, 146), depiction of Jannah, al-Ṣirāṭ al-mustaqīm and al-Ṣirāṭ al-muʻwajj (p.221), and depiction of the head of a sheep (raʼs kharūf) as seen and described by al-Shaʻrānī (p.260).</subfield></datafield><datafield tag="500" ind1=" " ind2=" "><subfield code="a">Script: Naskh ; angular Egyptian [?] hand ; virtually serifless with effect of tilt to the right and of words descending to baseline (occasionally more exaggerated), some sweeping descenders, freely ligatured, pointing in strokes rather than distinct dots, etc.</subfield></datafield><datafield tag="500" ind1=" " ind2=" "><subfield code="a">Layout: Written in 27 lines per page ; frame-ruled.</subfield></datafield><datafield tag="500" ind1=" " ind2=" "><subfield code="a">Collation: 13 V(130) ; exclusively quinions ; quire numbering in the form of Hindu-Arabic numerals under kāf mabsūṭah in the upper outer corner of the opening recto of each quire (in black ink and pencil) ; p.144 left partially blank to accommodate full page depiction of the Prophet's sandal on the following leaf ; catchwords present ; pagination in pencil, Western numerals, supplied during digitization (includes insert).</subfield></datafield><datafield tag="500" ind1=" " ind2=" "><subfield code="a">Colophon: "Authorial," reads "تم الشرح المبارك تاليفا وجمعا وتحريرا على يد جامعه ... الفقير سليمان ... قبيل الزوال يوم الخميس المبارك السادس عشر من شعبان من شهور سنة الف ومائة واحدى وتسعين" ; "Scribal," triangular, reads "وكان الفراغ من كتابة هذه النسخة على يد افقر العباد واحوج العباد عبد القادر الحبال وذلك في يوم الاثنين بعد الظهر خامس شهر ذي القعدة من شهور سنة ١٢۶۴ الف ومائتين واربع وستين غفر الله لمن كتبه ..."</subfield></datafield><datafield tag="500" ind1=" " ind2=" "><subfield code="a">Explicit: "وتوعدت به من الثواب والعقاب والله اعلم وهذا اخر ما قصدت تمام الوعد الذي وعدت ولا امن ان اكون اسقطت او حرفت شيئا من متن الكتاب سهوا ... فان الخطا غير مستغرب من الانسان على عدم الاحسان وخصوصا مثلي قليل العلم ... والحمد لله الذي هدانا لهذا وما كنا لنهتدي لو لا ان هدانا الله وصلى الله وسلم على سيدنا ومولانا محمد ... صلاة وسلاما يتعاقبان على الدوام"</subfield></datafield><datafield tag="500" ind1=" " ind2=" "><subfield code="a">Incipit: "الحمد لله الذي اختص على رسوله حمدا صلى الله عليه وسلم بخالص حبه فكان اولى الخليقة واحقهم بربه ... وبعد فيقول العبد الفقير من العمل الراجي عفو ربه سليمان الجمل لما كانت الصلاة على النبي صلى الله عليه وسلم من اشرف الطاعات واعظم الوسائل الى القرب من رب البريات وكان اجل كتاب الف فيها دلائل الخيرات واكثر اشتغال الناس به في جميع الجهات ... شيخنا واستاذنا السيد الشريف محمد مجاهد الاحمدي ... فهو السبب في هذا الخير العظيم لان هذه الجمعية على قراة هذا الكتاب الشريف لم تسبق على يد غيره ... كان اعظم شرح وضع عليه مبسوطا مطالعا للعالم العلامة السيد محمد المهدي بن محمد بن علي بن يوسف الفاسي ورايت في طولا على الهمم القاصرات اختصرته اختصارا لطيفا مناسبا لزماننا الذي قصرت فيه الرغبة عن المبسوطات ... وسميته بالمنح الالهيات بشرح دلائل الخيرات ..."</subfield></datafield><datafield tag="500" ind1=" " ind2=" "><subfield code="a">Title from 'title page' (p.3) and opening matter on p.4.</subfield></datafield><datafield tag="500" ind1=" " ind2=" "><subfield code="a">Ms. codex.</subfield></datafield><datafield tag="510" ind1="4" ind2=" "><subfield code="a">Ḥājjī Khalīfah. Kashf al-ẓunūn,</subfield><subfield code="c">iii 235-6</subfield></datafield><datafield tag="510" ind1="4" ind2=" "><subfield code="a">Brockelmann, C. GAL,</subfield><subfield code="c">II 252-3, no.5 ; II 353-4</subfield></datafield><datafield tag="520" ind1="8" ind2=" "><subfield code="a">Fine copy of Sulayman al-Jamal's (d.1789 or 90) commentary, itself an abridgment of the renowned commentary by al-Fāsī (d.1698), on al-Jazūlī’s (d.1465) celebrated collection of prayers for the Prophet, Dalāʼil al-khayrāt.</subfield></datafield><datafield tag="538" ind1=" " ind2=" "><subfield code="a">Mode of access: Internet.</subfield></datafield><datafield tag="541" ind1=" " ind2=" "><subfield code="a">Acquired in 1926 from the bookseller Isaac Benjamin S.E. Yahuda via purchase transacted on his behalf by Abraham Shalom Yahuda (1877-1951), his younger brother.</subfield></datafield><datafield tag="546" ind1=" " ind2=" "><subfield code="a">Arabic.</subfield></datafield><datafield tag="561" ind1=" " ind2=" "><subfield code="a">Former owners' marks on 'title page' (p.3) including possible former inventory mark or shelfmark ٢٢٤ (also on tail edge) ownership statement on 'title page' (p.3) in name of the sons of the copyist, ʻAbd al-Qādir al-Ḥabbāl, reads "اولاد عبد القادر الحبال" ; marginal corrections and notabilia (side heads).</subfield></datafield><datafield tag="600" ind1="0" ind2="0"><subfield code="a">Muḥammad,</subfield><subfield code="c">Prophet,</subfield><subfield code="d">-632</subfield><subfield code="v">Early works to 1800.</subfield></datafield><datafield tag="600" ind1="1" ind2="0"><subfield code="a">Jazūlī, Muḥammad ibn Sulaymān,</subfield><subfield code="d">d. 1465.</subfield><subfield code="t">Dalāʼil al-khayrāt wa-shawāriq al-anwār fī dhikr al-ṣalāh ʻalá al-Nabī al-mukhtār.</subfield></datafield><datafield tag="600" ind1="1" ind2="0"><subfield code="a">Fāsī, Muḥammad al-Mahdī ibn Aḥmad,</subfield><subfield code="d">d. 1698.</subfield><subfield code="t">Maṭāliʻ al-masarrāt.</subfield></datafield><datafield tag="650" ind1=" " ind2="0"><subfield code="a">Manuscripts, Arabic</subfield><subfield code="z">Michigan</subfield><subfield code="z">Ann Arbor.</subfield></datafield><datafield tag="650" ind1=" " ind2="0"><subfield code="a">Sufism</subfield><subfield code="v">Prayers and devotions</subfield><subfield code="v">Early works to 1800.</subfield></datafield><datafield tag="650" ind1=" " ind2="0"><subfield code="a">Islam</subfield><subfield code="v">Prayers and devotions</subfield><subfield code="v">Early works to 1800.</subfield></datafield><datafield tag="700" ind1="1" ind2=" "><subfield code="6">880-04</subfield><subfield code="a">Ḥabbāl, ʻAbd al-Qādir,</subfield><subfield code="d">fl. 1848,</subfield><subfield code="e">scribe.</subfield></datafield><datafield tag="773" ind1="0" ind2=" "><subfield code="a">Yahuda Collection.</subfield></datafield><datafield tag="880" ind1="1" ind2=" "><subfield code="6">700-04/</subfield><subfield code="a">حبال، عبد القادير،</subfield><subfield code="e">ناسخ.</subfield></datafield><datafield tag="880" ind1="1" ind2="0"><subfield code="6">245-03/</subfield><subfield code="a">كتاب المنح الالهيات بشرح دلائل الخيرات,</subfield><subfield code="f">[1264ه، 1848م].</subfield></datafield><datafield tag="880" ind1="1" ind2="0"><subfield code="6">240-02/</subfield><subfield code="a">منح الالهيات بشرح دلائل الخيرات</subfield></datafield><datafield tag="880" ind1="1" ind2=" "><subfield code="6">100-01/</subfield><subfield code="a">جمل، سليمان بن عمر.</subfield></datafield><datafield tag="CID" ind1=" " ind2=" "><subfield code="a">006782286</subfield></datafield><datafield tag="DAT" ind1="0" ind2=" "><subfield code="a">20190719102635.0</subfield><subfield code="b">20190719000000.0</subfield></datafield><datafield tag="DAT" ind1="1" ind2=" "><subfield code="a">20190719090653.0</subfield><subfield code="b">2019-07-19T16:11:26Z</subfield></datafield><datafield tag="DAT" ind1="2" ind2=" "><subfield code="a">2015-10-10T18:00:06Z</subfield></datafield><datafield tag="CAT" ind1=" " ind2=" "><subfield code="a">SDR-MIU</subfield><subfield code="d">EX LIBRIS - ALEPH</subfield><subfield code="l">prepare.pl-004-008</subfield></datafield><datafield tag="FMT" ind1=" " ind2=" "><subfield code="a">BK</subfield></datafield><datafield tag="HOL" ind1=" " ind2=" "><subfield code="0">sdr-miu006782286</subfield><subfield code="a">MiU</subfield><subfield code="b">SDR</subfield><subfield code="c">MIU</subfield><subfield code="p">mdp.39015079125590</subfield><subfield code="s">MIU</subfield><subfield code="1">006782286</subfield></datafield><datafield tag="974" ind1=" " ind2=" "><subfield code="b">MIU</subfield><subfield code="c">MIU</subfield><subfield code="d">20190719</subfield><subfield code="s">lit-dlps-dc</subfield><subfield code="u">mdp.39015079125590</subfield><subfield code="y">1848</subfield><subfield code="r">pd</subfield><subfield code="q">bib</subfield><subfield code="t">non-US bib date1 &lt; 1896</subfield></datafield></record></collection>